@misc{jitcxde,
	author = {Gerrit Ansmann},
	title = {Efficiently and easily integrating differential equations with {JiTCODE}, {JiTCDDE}, and {JiTCSDE}},
	year = {2017},
	eprinttype  = {arxiv},
	eprintclass = {cs.MS},
	eprint = {arXiv:1711.09886},
}

