@article{Boyde2009,
	doi = {10.1364/josaa.26.001814},
	year = 2009,
	month = {jul},
	publisher = {The Optical Society},
	volume = {26},
	number = {8},
	pages = {1814},
	author = {Lars Boyde and Kevin J. Chalut and Jochen Guck},
	title = {Interaction of Gaussian beam with near-spherical particle: an analytic-numerical approach for assessing scattering and stresses},
	journal = {Journal of the Optical Society of America A}
}

@article{Guck2001,
	doi = {10.1016/s0006-3495(01)75740-2},
	year = 2001,
	month = {aug},
	publisher = {Elsevier {BV}},
	volume = {81},
	number = {2},
	pages = {767--784},
	author = {Jochen Guck and Revathi Ananthakrishnan and Hamid Mahmood and Tess J. Moon and C. Casey Cunningham and Josef KÃ¤s},
	title = {The Optical Stretcher: A Novel Laser Tool to Micromanipulate Cells},
	journal = {Biophysical Journal}
}
